<record><leader>00000cas a2200000 a 4500</leader><controlfield tag="001">19943648</controlfield><controlfield tag="008">890628d19892010kyuwr ne      0   a0eng d</controlfield><datafield ind1=" " ind2=" " tag="010"><subfield code="a">sn 89058434 </subfield></datafield><datafield ind1=" " ind2=" " tag="040"><subfield code="a">KNP</subfield><subfield code="b">eng</subfield><subfield code="c">KNP</subfield><subfield code="d">NSD</subfield><subfield code="d">KNP</subfield><subfield code="d">NSD</subfield><subfield code="d">KNP</subfield><subfield code="d">OCL</subfield><subfield code="d">OCLCQ</subfield><subfield code="d">DLC</subfield><subfield code="d">KYUBL</subfield><subfield code="d">OCLCF</subfield><subfield code="d">OCLCO</subfield></datafield><datafield ind1=" " ind2=" " tag="012"><subfield code="k">1</subfield><subfield code="m">d</subfield></datafield><datafield ind1="1" ind2=" " tag="022"><subfield code="a">1046-302X</subfield><subfield code="l">1046-302X</subfield><subfield code="2">1</subfield></datafield><datafield ind1="1" ind2=" " tag="029"><subfield code="a">AU@</subfield><subfield code="b">000020561773</subfield></datafield><datafield ind1=" " ind2=" " tag="037"><subfield code="b">Tribune Courier, P.O. Box 410, Benton, KY 42025</subfield></datafield><datafield ind1=" " ind2=" " tag="042"><subfield code="a">msc</subfield><subfield code="a">nsdp</subfield></datafield><datafield ind1="0" ind2=" " tag="130"><subfield code="a">Tribune-courier (Benton, Ky. : 1989)</subfield></datafield><datafield ind1=" " ind2="0" tag="222"><subfield code="a">Tribune-courier</subfield><subfield code="b">(1989)</subfield></datafield><datafield ind1="0" ind2="0" tag="245"><subfield code="a">Tribune-courier.</subfield></datafield><datafield ind1="3" ind2="0" tag="246"><subfield code="a">Tribune courier</subfield></datafield><datafield ind1=" " ind2=" " tag="260"><subfield code="a">Benton, Ky. :</subfield><subfield code="b">Kentucky Waterland Press,</subfield><subfield code="c">1989-</subfield></datafield><datafield ind1=" " ind2=" " tag="300"><subfield code="a">v. :</subfield><subfield code="b">ill.</subfield></datafield><datafield ind1=" " ind2=" " tag="310"><subfield code="a">Weekly,</subfield><subfield code="b">&lt;Aug. 28, 1991-&gt;</subfield></datafield><datafield ind1=" " ind2=" " tag="321"><subfield code="a">Weekly,</subfield><subfield code="b">&lt;May 10, 1989-&gt;</subfield></datafield><datafield ind1=" " ind2=" " tag="321"><subfield code="a">Semiweekly,</subfield><subfield code="b">&lt;Oct. 4, 1989-&gt;</subfield></datafield><datafield ind1="0" ind2=" " tag="362"><subfield code="a">May 10, 1989-</subfield></datafield><datafield ind1="1" ind2=" " tag="362"><subfield code="a">Ceased in 2010?</subfield></datafield><datafield ind1=" " ind2=" " tag="515"><subfield code="a">Suspended: 19uu-19uu.</subfield></datafield><datafield ind1=" " ind2="4" tag="651"><subfield code="a">Benton (Ky.)</subfield><subfield code="v">Newspapers.</subfield></datafield><datafield ind1=" " ind2="4" tag="651"><subfield code="a">Marshall County (Ky,)</subfield><subfield code="v">Newspapers.</subfield></datafield><datafield ind1=" " ind2="0" tag="651"><subfield code="a">Benton (Ky.)</subfield><subfield code="x">Newspapers.</subfield></datafield><datafield ind1=" " ind2="0" tag="651"><subfield code="a">Marshall County (Ky.)</subfield><subfield code="x">Newspapers.</subfield></datafield><datafield ind1=" " ind2="7" tag="655"><subfield code="a">Newspapers.</subfield><subfield code="2">fast</subfield><subfield code="0">(OCoLC)fst01423814</subfield></datafield><datafield ind1=" " ind2="7" tag="651"><subfield code="a">Kentucky</subfield><subfield code="z">Benton.</subfield><subfield code="2">fast</subfield><subfield code="0">(OCoLC)fst01222237</subfield></datafield><datafield ind1=" " ind2="7" tag="651"><subfield code="a">Kentucky</subfield><subfield code="z">Marshall County.</subfield><subfield code="2">fast</subfield><subfield code="0">(OCoLC)fst01205355</subfield></datafield><datafield ind1=" " ind2=" " tag="752"><subfield code="a">United States</subfield><subfield code="b">Kentucky</subfield><subfield code="c">Marshall</subfield><subfield code="d">Benton.</subfield></datafield><datafield ind1="0" ind2="0" tag="780"><subfield code="t">Marshall County's tribune-courier</subfield><subfield code="w">(DLC)sn 88061027</subfield><subfield code="w">(OCoLC)17474451</subfield></datafield><datafield ind1="0" ind2="0" tag="785"><subfield code="t">Trib</subfield><subfield code="x">2155-7322</subfield><subfield code="w">(DLC)  2010200228</subfield><subfield code="w">(OCoLC)639523262</subfield></datafield><datafield ind1=" " ind2=" " tag="936"><subfield code="a">Vol. 103, no. 52 (Wednesday, Aug. 28, 1991) LIC</subfield></datafield></record>